<record><leader>00000cas a22000007a 4500</leader><controlfield tag="001">20032037</controlfield><controlfield tag="008">890719d19201929nduwr ne      0    0eng d</controlfield><datafield ind1=" " ind2=" " tag="010"><subfield code="a">sn 88076404 </subfield></datafield><datafield ind1=" " ind2=" " tag="040"><subfield code="a">NOP</subfield><subfield code="b">eng</subfield><subfield code="c">NOP</subfield><subfield code="d">OCLCQ</subfield></datafield><datafield ind1=" " ind2=" " tag="042"><subfield code="a">msc</subfield></datafield><datafield ind1="0" ind2=" " tag="130"><subfield code="a">Mayville tribune (Mayville, N.D. : 1920)</subfield></datafield><datafield ind1="1" ind2="0" tag="245"><subfield code="a">Mayville tribune.</subfield></datafield><datafield ind1=" " ind2=" " tag="260"><subfield code="a">Mayville, Traill County, N.D. :</subfield><subfield code="b">Gilbert Teien</subfield></datafield><datafield ind1=" " ind2=" " tag="300"><subfield code="a">11 v. :</subfield><subfield code="b">ill.</subfield></datafield><datafield ind1=" " ind2=" " tag="310"><subfield code="a">Weekly</subfield></datafield><datafield ind1="0" ind2=" " tag="362"><subfield code="a">Vol. 36, no. 10 (Dec. 16, 1920)-v. 47, no. 27 (Nov. 28, 1929).</subfield></datafield><datafield ind1=" " ind2=" " tag="530"><subfield code="a">Available on microfilm from the State Historical Society of North Dakota.</subfield></datafield><datafield ind1=" " ind2=" " tag="752"><subfield code="a">United States</subfield><subfield code="b">North Dakota</subfield><subfield code="c">Traill</subfield><subfield code="d">Mayville.</subfield></datafield><datafield ind1="0" ind2="0" tag="780"><subfield code="t">Equity tribune</subfield><subfield code="w">(DLC)sn 89074183</subfield></datafield><datafield ind1="0" ind2="0" tag="785"><subfield code="t">Traill County tribune (Mayville, N.D. : 1929)</subfield><subfield code="w">(DLC)sn 88076405</subfield></datafield></record>